@inproceedings{cummins2011improved,
  title={Improved query performance prediction using standard deviation},
  author={Cummins, Ronan and Jose, Joemon and O'Riordan, Colm},
  booktitle={Proceedings of the 34th international ACM SIGIR conference on Research and development in Information Retrieval},
  pages={1089--1090},
  year={2011},
  organization={ACM}
}
@inproceedings{review1,
  title={When is Query Performance Prediction Effective?},
  author={Claudia Hauff and Leif Azzopardi},
  booktitle={Proceedings of the 32th international ACM SIGIR conference on Research and development in Information Retrieval},
  pages={829-830},
  year={2009},
  organization={ACM}
}
@inproceedings{review2,
  title={Standard Deviation as a Query Hardness Estimator},
  author={Joaquín Pérez-Iglesias and Lourdes Araujo},
  booktitle={SPIRE'10 Proceedings of the 17th international conference on String processing and information retrievall},
  pages={207-212 },
  year={2010},
  organization={ACM}
}
@inproceedings{review3,
  title={A Survey of Pre-Retrieval Query Performance Predictors},
  author={Joaquín Pérez-Iglesias and Lourdes Araujo},
  booktitle={Proceedings of the 17th ACM conference on Information and knowledge management},
  pages={1419-1420 },
  year={2008},
  organization={ACM}
}