@inproceedings{woo2010achieving,
  title={Achieving high accuracy retrieval using intra-document term ranking},
  author={Woo, Hyun-Wook and Lee, Jung-Tae and Lee, Seung-Wook and Song, Young-In and Rim, Hae-Chang},
  booktitle={Proceedings of the 33rd international ACM SIGIR conference on Research and development in information retrieval},
  pages={885--886},
  year={2010},
  organization={ACM}
}